% This file was created with JabRef 2.9.2.
% Encoding: UTF8

@ARTICLE{alvarez:98,
  author = {R. Alvarez and B. Plez},
  title = {Near-infrared narrow-band photometry of M-giant and Mira stars: models
	meet observations},
  journal = {Astronomy and Astrophysics},
  year = {1998},
  volume = {330},
  pages = {1109--1119},
  owner = {amarcos},
  timestamp = {2014.03.06}
}

@ARTICLE{balasubramanianISOMAP:02,
  author = {M. Balasubramanian and E.~L. Schwartz and J.~B. Tenenbaum and V.
	{de Silva} and J.~C. Langford},
  title = {The Isomap Algorithm and Topological Stability},
  journal = {Science},
  year = {2002},
  volume = {295(5552)},
  pages = {7},
  owner = {amarcos},
  timestamp = {2014.02.27}
}

@ARTICLE{bell:95,
  author = {A. Bell and T.~J. Sejnowski},
  title = {An information maximization approach to blind separation and blind
	deconvolution},
  journal = {Neural Computation},
  year = {1995},
  volume = {7(6)},
  pages = {1129--1159},
  owner = {amarcos},
  timestamp = {2014.03.14}
}

@BOOK{bellman:61,
  title = {Adaptive Control Processes: A Guided Tour},
  publisher = {Princeton University Press},
  year = {1961},
  author = {R. Bellman},
  owner = {DSV},
  timestamp = {2014.04.15}
}

@ARTICLE{belouchrani:97,
  author = {A. Belouchrani and K. Abed Meraim and J.~F. Cardoso and E. Moulines},
  title = {A blind source separation technique based on second order statistics},
  journal = {IEEE Transaction on Signal Processing},
  year = {1997},
  volume = {45(2)},
  pages = {434--444},
  owner = {amarcos},
  timestamp = {2014.03.14}
}

@ARTICLE{bu:14,
  author = {Yude Bu and Fuqiang Chen and Jingchan Pan},
  title = {Stellar spectral subclasses classification based on Isomap and SVM},
  journal = {New Astronomy},
  year = {2014},
  volume = {28},
  pages = {35--43},
  owner = {amarcos},
  timestamp = {2014.03.12}
}

@ARTICLE{cardoso:93,
  author = {J.~F. Cardoso and A. Souloumiac},
  title = {Blind beamforming for nongaussian signals},
  journal = {IEEE Transactions on Signal Processing},
  year = {1993},
  volume = {140(6)},
  pages = {362--370},
  owner = {amarcos},
  timestamp = {2014.03.14}
}

@ARTICLE{coifman:06,
  author = {R.~R. Coifman and S. Lafon},
  title = {Diffusion maps},
  journal = {Applied and Computational Harmonic Analysis},
  year = {2006},
  volume = {21(1)},
  pages = {5--30},
  owner = {amarcos},
  timestamp = {2014.02.27}
}

@ARTICLE{comon:94,
  author = {P. Comon},
  title = {Independent component analysis--a new concept?},
  journal = {Signal Processing},
  year = {1994},
  volume = {36},
  pages = {287--314},
  owner = {amarcos},
  timestamp = {2014.03.13}
}

@ARTICLE{daniel:11,
  author = {S.~F. Daniel and Andrew Connolly and Jeff Schneider and Jake Vanderplas
	and Liang Xiong},
  title = {Classification of stellar spectra with local linear embedding},
  journal = {The Astronomical Journal},
  year = {2011},
  volume = {142},
  pages = {203--212},
  owner = {amarcos},
  timestamp = {2014.03.12}
}

@BOOK{dunteman:89,
  title = {Principal components analysis},
  publisher = {Sage Publications},
  year = {1989},
  author = {G.~H. Dunteman},
  owner = {amarcos},
  timestamp = {2014.02.28}
}

@ARTICLE{2011AJ....142...72E,
  author = {{Eisenstein}, D.~J. and {Weinberg}, D.~H. and {Agol}, E. and {Aihara},
	H. and {Allende Prieto}, C. and {Anderson}, S.~F. and {Arns}, J.~A.
	and {Aubourg}, {\'E}. and {Bailey}, S. and {Balbinot}, E. and et
	al.},
  title = {{SDSS-III: Massive Spectroscopic Surveys of the Distant Universe,
	the Milky Way, and Extra-Solar Planetary Systems}},
  journal = {\aj},
  year = {2011},
  volume = {142},
  pages = {72},
  month = sep,
  eid = {72},
  adsnote = {Provided by the SAO/NASA Astrophysics Data System},
  adsurl = {http://adsabs.harvard.edu/abs/2011AJ....142...72E},
  archiveprefix = {arXiv},
  doi = {10.1088/0004-6256/142/3/72},
  eprint = {1101.1529},
  keywords = {cosmology: observations, Galaxy: evolution, planets and satellites:
	detection, surveys},
  primaryclass = {astro-ph.IM}
}

@ARTICLE{2012Msngr.147...25G,
  author = {{Gilmore}, G. and {Randich}, S. and {Asplund}, M. and {Binney}, J.
	and {Bonifacio}, P. and {Drew}, J. and {Feltzing}, S. and {Ferguson},
	A. and {Jeffries}, R. and {Micela}, G. and {Negueruela}, I. and {Prusti},
	T. and {Rix}, H.-W. and {Vallenari}, A. and {Alfaro}, E. and {Allende-Prieto},
	C. and {Babusiaux}, C. and {Bensby}, T. and {Blomme}, R. and {Bragaglia},
	A. and {Flaccomio}, E. and {Fran{\c c}ois}, P. and {Irwin}, M. and
	{Koposov}, S. and {Korn}, A. and {Lanzafame}, A. and {Pancino}, E.
	and {Paunzen}, E. and {Recio-Blanco}, A. and {Sacco}, G. and {Smiljanic},
	R. and {Van Eck}, S. and {Walton}, N.},
  title = {{The Gaia-ESO Public Spectroscopic Survey}},
  journal = {The Messenger},
  year = {2012},
  volume = {147},
  pages = {25-31},
  month = mar,
  adsnote = {Provided by the SAO/NASA Astrophysics Data System},
  adsurl = {http://adsabs.harvard.edu/abs/2012Msngr.147...25G}
}

@ARTICLE{gustafsson:08,
  author = {B. Gustafsson and B. Edvardsson and K. Eriksson and U.~G. JÃ¸rgensen
	and \\A. Nordlund and B. Plez},
  title = {A grid of MARCS model atmospheres for late-type stars. I. Methods
	and general properties},
  journal = {Astronomy and Astrophysics},
  year = {2008},
  volume = {486(3)},
  pages = {951--970},
  owner = {amarcos},
  timestamp = {2014.03.05}
}

@ARTICLE{hotelling:33,
  author = {H. Hotelling},
  title = {Analysis of a complex of statistical variables into principal components},
  journal = {Journal of Educational Psychology},
  year = {1933},
  volume = {24(6\&7)},
  pages = {447--441 \& 498--520},
  owner = {amarcos},
  timestamp = {2014.02.28}
}

@ARTICLE{hyvarinen:00,
  author = {Aapo Hyv\"arinen and Erkki Oja},
  title = {Independent Component Analysis: Algorithms and Applications},
  journal = {Neural Networks},
  year = {2000},
  volume = {13(4-5)},
  pages = {411--430},
  owner = {amarcos},
  timestamp = {2014.03.13}
}

@ARTICLE{jain:00,
  author = {Anil~K. Jain and Robert~P.W. Duin and Jianchang Mao},
  title = {Statistical pattern recognition: a review},
  journal = {IEEE Transactions on Pattern Analysis and Machine Intelligence},
  year = {2000},
  volume = {22(1)},
  pages = {4--37},
  owner = {amarcos},
  timestamp = {2014.03.12}
}

@BOOK{jolliffe:02,
  title = {Principal component analysis},
  publisher = {Springer-Verlag},
  year = {2002},
  author = {I.~T. Jolliffe},
  series = {Springer Series in Statistics},
  address = {New York},
  edition = {Second ed.},
  owner = {amarcos},
  timestamp = {2014.02.28}
}

@ARTICLE{2006MNRAS.367..290J,
  author = {{Jordi}, C. and {H{\o}g}, E. and {Brown}, A.~G.~A. and {Lindegren},
	L. and {Bailer-Jones}, C.~A.~L. and {Carrasco}, J.~M. and {Knude},
	J. and {Strai{\v z}ys}, V. and {de Bruijne}, J.~H.~J. and {Claeskens},
	J.-F. and {Drimmel}, R. and {Figueras}, F. and {Grenon}, M. and {Kolka},
	I. and {Perryman}, M.~A.~C. and {Tautvai{\v s}ien{\.e}}, G. and {Vansevi{\v
	c}ius}, V. and {Willemsen}, P.~G. and {Brid{\v z}ius}, A. and {Evans},
	D.~W. and {Fabricius}, C. and {Fiorucci}, M. and {Heiter}, U. and
	{Kaempf}, T.~A. and {Kazlauskas}, A. and {Ku{\v c}inskas}, A. and
	{Malyuto}, V. and {Munari}, U. and {Reyl{\'e}}, C. and {Torra}, J.
	and {Vallenari}, A. and {Zdanavi{\v c}ius}, K. and {Korakitis}, R.
	and {Malkov}, O. and {Smette}, A.},
  title = {{The design and performance of the Gaia photometric system}},
  journal = {\mnras},
  year = {2006},
  volume = {367},
  pages = {290-314},
  month = mar,
  adsnote = {Provided by the SAO/NASA Astrophysics Data System},
  adsurl = {http://adsabs.harvard.edu/abs/2006MNRAS.367..290J},
  doi = {10.1111/j.1365-2966.2005.09944.x},
  eprint = {astro-ph/0512038},
  keywords = {instrumentation: photometers-space vehicles: instruments-techniques:
	photometric-stars: fundamental parameters-Galaxy: formation-Galaxy:
	structure}
}

@ARTICLE{jutten:91,
  author = {C. Jutten and J. H\'erault},
  title = {Blind separation of sources, part I: An adaptive algorithm based
	on neuromimetic architecture},
  journal = {Signal Processing},
  year = {1991},
  volume = {24},
  pages = {1--10},
  owner = {amarcos},
  timestamp = {2014.03.13}
}

@ARTICLE{li:08,
  author = {H. Li and T. Adali},
  title = {A class of complex ICA algorithms based on the kurtosis cost function},
  journal = {IEEE Transactions on Neural Networks},
  year = {2008},
  volume = {19(3)},
  pages = {408--420},
  owner = {amarcos},
  timestamp = {2014.03.14}
}

@INBOOK{li:10,
  chapter = {Wavelet methods in data mining},
  pages = {553--571},
  title = {Data Mining and Knowledge Discovery Handbook},
  publisher = {Springer},
  year = {2010},
  editor = {Oded Maimon and Lior Rokach},
  author = {T. Li and S. Ma and M. Ogihara},
  owner = {amarcos},
  timestamp = {2014.03.18}
}

@BOOK{mallat:98,
  title = {A Wavelet Tour of Signal Processing},
  publisher = {Academic Press},
  year = {1998},
  author = {S. Mallat},
  owner = {amarcos},
  timestamp = {2014.03.18}
}

@ARTICLE{nadler:06,
  author = {B. Nadler and S. Lafon and R.~R. Coifman and I.~G. Kevrekidis},
  title = {Diffusion maps, spectral clustering and the reaction coordinates
	of dynamical systems},
  journal = {Applied and Computational Harmonic Analysis: Special Issue on Diffusion
	Maps and Wavelets},
  year = {2006},
  volume = {21},
  pages = {113--27},
  owner = {amarcos},
  timestamp = {2014.02.27}
}

@ARTICLE{navarro:12,
  author = {S.~G. Navarro and R.~L.~M. Corradi and A. Mampaso},
  title = {Automatic spectral classification of stellar spectra with low signal-to-noise
	ratio using artificial neural networks},
  journal = {Astronomy and Astrophysics},
  year = {2012},
  volume = {538},
  pages = {A76, 1--14},
  owner = {amarcos},
  timestamp = {2014.03.06}
}

@ARTICLE{ollila:06,
  author = {E. Ollila and V. Koivunen},
  title = {Complex ICA using generalized uncorrelating transform},
  journal = {IEEE Transactions on Signal Processing},
  year = {2006},
  volume = {89(4)},
  pages = {365--377},
  owner = {amarcos},
  timestamp = {2014.03.14}
}

@ARTICLE{pearson:01,
  author = {K. Pearson},
  title = {On lines and planes of closest fit to systems of points in space},
  journal = {Philosophical Magazine},
  year = {1901},
  volume = {2(11)},
  pages = {559--572},
  owner = {amarcos},
  timestamp = {2014.02.28}
}

@MISC{plez:12,
  author = {Bertrand Plez},
  title = {Turbospectrum: Code for spectral synthesis},
  howpublished = {record ascl:1205.004},
  month = {may},
  year = {2012},
  note = {Astrophysics Source Code Library},
  comment = {Provided by the SAO/NASA Astrophysics Data System},
  owner = {amarcos},
  timestamp = {2014.03.06},
  url = {http://adsabs.harvard.edu/abs/2012ascl.soft05004P}
}

@ARTICLE{recio:06,
  author = {A. Recio-Blanco and A. Bijaoui and P. {de Laverny}},
  title = {Automated derivation of stellar atmospheric parameters and chemical
	abundances: the MATISSE algorithm},
  journal = {Monthly Notices of the Royal Astronomical Society},
  year = {2006},
  volume = {370},
  pages = {141--150},
  owner = {amarcos},
  timestamp = {2014.03.06}
}

@CONFERENCE{fiorentin:08b,
  author = {Paola {Re Fiorentin} and {C.~A.~L.} Bailer-Jones and {T.~C.} Beers
	and T. Zwitter},
  title = {On spectral classification and astrophysical parameter estimation
	for galactic surveys},
  booktitle = {Proceedings of the International Conference: "Classification and
	Discovery in Large Astronomical Surveys"},
  year = {2008},
  volume = {1082},
  pages = {76--82},
  owner = {amarcos},
  timestamp = {2014.03.12}
}

@ARTICLE{fiorentin:08a,
  author = {P. {Re Fiorentin} and C.~A.~L. Bailer-Jones and Y.~S. Lee and T.~C.
	Beers and T. Sivarani and R. Wilhelm and C. {Allende Prieto} and
	J.~E. Norris},
  title = {Estimation of stellar atmospheric parameters from SDSS/SEGUE spectra},
  journal = {Astronomy and Astrophysics},
  year = {2008},
  volume = {467(3)},
  pages = {1373--1387},
  owner = {amarcos},
  timestamp = {2014.03.07}
}

@ARTICLE{roweisLLE:00,
  author = {S. Roweis and L. Saul},
  title = {Nonlinear dimensionality reduction by locally linear embedding},
  journal = {Science},
  year = {2000},
  volume = {290(5500)},
  pages = {2323--2326},
  owner = {amarcos},
  timestamp = {2014.03.06}
}

@INCOLLECTION{saxena:04,
  author = {Saxena, Ashutosh and Gupta, Abhinav and Mukerjee, Amitabha},
  title = {Non-linear Dimensionality Reduction by Locally Linear Isomaps},
  booktitle = {Neural Information Processing},
  publisher = {Springer Berlin Heidelberg},
  year = {2004},
  editor = {Pal, NikhilRanjan and Kasabov, Nik and Mudi, RajaniK. and Pal, Srimanta
	and Parui, SwapanKumar},
  volume = {3316},
  series = {Lecture Notes in Computer Science},
  pages = {1038-1043},
  isbn = {978-3-540-23931-4},
  language = {English},
  owner = {amarcos},
  timestamp = {2015.03.11}
}

@ARTICLE{sholkopf:98,
  author = {B. Sch\"olkopf and A. Smola and K.-R.MÃ¼ller},
  title = {Nonlinear component analysis as a kernel eigenvalue problem},
  journal = {Neural Computation},
  year = {1998},
  volume = {10(5)},
  pages = {1299--1319},
  owner = {amarcos},
  timestamp = {2014.02.27}
}

@BOOK{shawe-taylor:04,
  title = {Kernel Methods for Pattern Analysis},
  publisher = {Cambridge University Press},
  year = {2004},
  author = {J. Shawe-Taylor and N. Christianini},
  owner = {amarcos},
  timestamp = {2014.02.27}
}

@ARTICLE{singh:98,
  author = {{Harinder~P.} Singh and {Ravi~K.} Gulati and Ranjan Gupta},
  title = {Stellar Spectral Classification using Principal Component Analysis
	and Artificial Neural Networks},
  journal = {Monthly Notices of the Royal Astronomical Society},
  year = {1998},
  volume = {295(2)},
  pages = {312--318},
  owner = {amarcos},
  timestamp = {2014.03.12}
}

@ARTICLE{snider:01,
  author = {Shawn Snider and Carlos {Allende Prieto} and Ted {von Hippel} and
	{Timothy~C.} Beers and Christopher Sneden and Yuan Qu and Silvia
	Rossi},
  title = {Three-dimensional spectral classification of low-metallicity stars
	using artificial neural networks},
  journal = {The Astrophysical Journal},
  year = {2001},
  volume = {562},
  pages = {528--548},
  owner = {amarcos},
  timestamp = {2014.03.06}
}

@ARTICLE{2006AJ....132.1645S,
  author = {{Steinmetz}, M. and {Zwitter}, T. and {Siebert}, A. and {Watson},
	F.~G. and {Freeman}, K.~C. and {Munari}, U. and {Campbell}, R. and
	{Williams}, M. and {Seabroke}, G.~M. and {Wyse}, R.~F.~G. and {Parker},
	Q.~A. and {Bienaym{\'e}}, O. and {Roeser}, S. and {Gibson}, B.~K.
	and {Gilmore}, G. and {Grebel}, E.~K. and {Helmi}, A. and {Navarro},
	J.~F. and {Burton}, D. and {Cass}, C.~J.~P. and {Dawe}, J.~A. and
	{Fiegert}, K. and {Hartley}, M. and {Russell}, K.~S. and {Saunders},
	W. and {Enke}, H. and {Bailin}, J. and {Binney}, J. and {Bland-Hawthorn},
	J. and {Boeche}, C. and {Dehnen}, W. and {Eisenstein}, D.~J. and
	{Evans}, N.~W. and {Fiorucci}, M. and {Fulbright}, J.~P. and {Gerhard},
	O. and {Jauregi}, U. and {Kelz}, A. and {Mijovi{\'c}}, L. and {Minchev},
	I. and {Parmentier}, G. and {Pe{\~n}arrubia}, J. and {Quillen}, A.~C.
	and {Read}, M.~A. and {Ruchti}, G. and {Scholz}, R.-D. and {Siviero},
	A. and {Smith}, M.~C. and {Sordo}, R. and {Veltz}, L. and {Vidrih},
	S. and {von Berlepsch}, R. and {Boyle}, B.~J. and {Schilbach}, E.},
  title = {{The Radial Velocity Experiment (RAVE): First Data Release}},
  journal = {\aj},
  year = {2006},
  volume = {132},
  pages = {1645-1668},
  month = oct,
  adsnote = {Provided by the SAO/NASA Astrophysics Data System},
  adsurl = {http://adsabs.harvard.edu/abs/2006AJ....132.1645S},
  doi = {10.1086/506564},
  eprint = {astro-ph/0606211},
  keywords = {Catalogs, Stars: Fundamental Parameters, Surveys}
}

@ARTICLE{tenenbaum:00,
  author = {J.~B. Tenenbaum and V. {de Silva} and J.~C. Langford},
  title = {A global geometric framework for nonlinear dimensionality reduction},
  journal = {Science},
  year = {2000},
  volume = {290(5500)},
  pages = {2319--2323},
  owner = {amarcos},
  timestamp = {2014.02.27}
}

@ARTICLE{ting:12,
  author = {Y.~S. Ting and K.~C. Freeman and C. Kobayashi and G.~M. De Silva
	and J. {Bland-Hawthorn}},
  title = {Principal component analysis on chemical abundances spaces},
  journal = {Monthly Notices of the Royal Astronomical Society},
  year = {2012},
  volume = {421(2)},
  pages = {1231--1255},
  owner = {amarcos},
  timestamp = {2014.03.12}
}

@ARTICLE{vanderplas:09,
  author = {Jake Vanderplas and Andrew Connolly},
  title = {Reducing the dimensionality of data: locally linear embedding of
	Sloan galaxy spectra},
  journal = {The Astronomical Journal},
  year = {2009},
  volume = {138},
  pages = {1365--1379},
  owner = {amarcos},
  timestamp = {2014.03.12}
}

@ARTICLE{zarzoso:10,
  author = {V. Zarzoso and P. Comon},
  title = {Robust Independent Component Analysis by Iterative Maximization of
	the Kurtosis Contrast with Algebraic Optimal Step Size},
  journal = {IEEE Transactions on Neural Networks},
  year = {2010},
  volume = {21(2)},
  pages = {248--261},
  owner = {amarcos},
  timestamp = {2014.03.14}
}

@INCOLLECTION{zhang:2008,
  author = {Tianhao Zhang and Dacheng Tao and Jie Yang},
  title = {Discriminative Locality Alignment},
  booktitle = {Computer Vision - ECCV 2008},
  publisher = {Springer Berlin Heidelberg},
  year = {2008},
  editor = {Forsyth, David and Torr, Philip and Zisserman, Andrew},
  volume = {5302},
  series = {Lecture Notes in Computer Science},
  pages = {725--738},
  owner = {amarcos},
  timestamp = {2014.03.12}
}


@ARTICLE{2006ApJ...636..804A,
   author = {{Allende Prieto}, C. and {Beers}, T.~C. and {Wilhelm}, R. and 
	{Newberg}, H.~J. and {Rockosi}, C.~M. and {Yanny}, B. and {Lee}, Y.~S.
	},
    title = "{A Spectroscopic Study of the Ancient Milky Way: F- and G-Type Stars in the Third Data Release of the Sloan Digital Sky Survey}",
  journal = {The Astrophysical Journal},
   eprint = {astro-ph/0509812},
 keywords = {Galaxy: Stellar Content, Galaxy: Structure, Stars: Abundances, Stars: Fundamental Parameters},
     year = 2006,
    month = jan,
   volume = 636,
    pages = {804-820},
      doi = {10.1086/498131},
   adsurl = {http://adsabs.harvard.edu/abs/2006ApJ...636..804A},
  adsnote = {Provided by the SAO/NASA Astrophysics Data System}
}

